@manual{sample,
  organization = {TU Dortmund, Fakultät Physik},
  title = {Versuch zum Literaturverzeichnis},
  year = 2023
}
%
@online{Hook_Interaktiv,
 author = {Universität Duisburg-Essen},
 year = 2015,
 title = {Interaktive Bildschirmexperimente zur Nachbereitung von Vorlesungen Beispiel: Hooksches Gesetz},
 url = {http://kallisto.didaktik.physik.uni-due.de/IBEs/Hooke.php}
}
%
@online{Dichte_Messing_Alu,
  author = {YaClass},
  year = 2023,
  title = {Dichtetabelle von Stoffen},
  url = {https://www.yaclass.at/p/physik/9-schulstufe/kinematik-20670/dichte-20598/re-1c28828a-3952-4508-8213-00d97ae06a65},
}
%
@online{Dichte_Wasser,
  author = {H&D Fitzgerald Ltd. Quality},
  year = none,
  title = {Dichte Standard 998 kg/m3},
  url = {https://www.sigmaaldrich.com/DE/de/substance/densitystandard998kgm318027732185},
}